<record><leader>00000cas a22000007a 4500</leader><controlfield tag="001">18088824</controlfield><controlfield tag="008">880614d19531954nduwr ne      0    0eng d</controlfield><datafield ind1=" " ind2=" " tag="010"><subfield code="a">sn 88076125 </subfield></datafield><datafield ind1=" " ind2=" " tag="040"><subfield code="a">NOP</subfield><subfield code="b">eng</subfield><subfield code="c">NOP</subfield><subfield code="d">OCLCQ</subfield></datafield><datafield ind1=" " ind2=" " tag="042"><subfield code="a">msc</subfield></datafield><datafield ind1="0" ind2="4" tag="245"><subfield code="a">The Halliday booster.</subfield></datafield><datafield ind1="3" ind2="0" tag="246"><subfield code="a">Dunn County booster</subfield></datafield><datafield ind1=" " ind2=" " tag="260"><subfield code="a">[Haliday, N.D. :</subfield><subfield code="b">George Cokens]</subfield></datafield><datafield ind1=" " ind2=" " tag="300"><subfield code="a">1 v. :</subfield><subfield code="b">ill. ;</subfield><subfield code="c">56 cm.</subfield></datafield><datafield ind1=" " ind2=" " tag="310"><subfield code="a">Weekly</subfield></datafield><datafield ind1="0" ind2=" " tag="362"><subfield code="a">Vol. 1, no. 1 (June 5, 1953)-v. 1, no. 40 (Mar. 12, 1954).</subfield></datafield><datafield ind1=" " ind2=" " tag="500"><subfield code="a">Published as: Dunn County booster (Jan. 22-Mar. 12, 1954).</subfield></datafield><datafield ind1=" " ind2=" " tag="530"><subfield code="a">Available on microfilm from the State Historical Society of North Dakota.</subfield></datafield><datafield ind1=" " ind2=" " tag="752"><subfield code="a">United States</subfield><subfield code="b">North Dakota</subfield><subfield code="c">Dunn</subfield><subfield code="d">Halliday.</subfield></datafield></record>